@online{teeintro,
    author        = {Gopinath Nirmala and Rakesh},
    title         = {Improving the Security and Efficiency of Blockchain-based Cryptocurrencies},
    url           = {https://aaltodoc.aalto.fi/handle/123456789/27919}
}

@online{blockchainintro,
    author        = {João Sousa and Alysson Bessani and Marko Vukolić},
    title         = {A Byzantine Fault-Tolerant Ordering Service for the Hyperledger Fabric Blockchain Platform},
    url           = {https://arxiv.org/abs/1709.06921}
}

@online{minbftpaper,
    author        = {Giuliana Santos Veronese and Miguel Correia and Alysson Neves Bessani and Lau Cheuk Lung and Paulo Verissimo},
    title         = {Efficient Byzantine Fault Tolerance},
    url           = {https://ieeexplore.ieee.org/document/6081855/}
}

@online{test,
    author        = {Donald Knuth},
    title         = {Knuth: Computers and Typesetting},
    year          = {1984},
    url           = {http://www-cs-faculty.stanford.edu/~uno/abcde.html}
}

@misc{linuxsgx,
  title = {Intel(R) Software Guard Extensions for Linux* OS},
  howpublished = {\url{https://github.com/intel/linux-sgx}},
  note = {Accessed: 2018-06-21}
}

@misc{linuxsgxguide,
  title = {Intel(R) Software Guard Extensions Developer Guide},
  howpublished = {\url{https://software.intel.com/en-us/documentation/sgx-developer-guide}},
  note = {Accessed: 2018-06-21}
}

@misc{minbftsystem,
  title = {The source code used in Efficient Byzantine Fault Tolerance paper},
  howpublished = {\url{http://www.gsd.inesc-id.pt/~mpc/software/minimal/index.html}},
  note = {Accessed: 2018-06-21}
}

@online{cheapbft,
    author        = {R. Kapitza and J. Behl and C. Cachin and T. Distler and S. Kuhnle and S. V.
Mohammadi and W. Schroder-Preikschat and K. Stenge},
    title         = {CheapBFT: resource-efficient byzantine fault tolerance},
    url           = {https://dl.acm.org/citation.cfm?id=2168866}
}

@online{fastbft,
    author        = {Jian Liu and Wenting Li and Ghassan O. Karame and N. Asokan},
    title         = {Scalable Byzantine Consensus via Hardware-assisted Secret Sharing},
    url           = {https://arxiv.org/pdf/1612.04997v4.pdf}
}

@online{hybster,
    author        = {Johannes Behl and Tobias Distler and Rudiger Kapitza},
    title         = {Hybrids on Steroids: SGX-Based High Performance BFT},
    url           = {https://www4.cs.fau.de/Publications/2017/behl_17_eurosys.pdf}
}

@online{consensusparallelization,
    author        = {J. Behl and T. Distler and R. Kapitza},
    title         = {Consensus-oriented parallelization: How to earn your first million.},
    url           = {https://www4.cs.fau.de/Publications/2015/behl_15_mw.pdf}
}

@misc{hyperledgeribm,
  title = {IBM blockchain},
  howpublished = {\url{http://www.ibm.com/blockchain/}},
  note = {Accessed: 2018-09-15}
}

@online{pbft,
    author        = {Miguel Castro and Barbara Liskov},
    title         = {Practical Byzantine Fault Tolerance},
    url           = {http://pmg.csail.mit.edu/papers/osdi99.pdf}
}



